@book{Arkin1998BehBasedRobo,
  title={Behavior-Based Robotics},
  author={Arkin, R.C.},
  year={1998},
  publisher={MIT Press}
}

@book{Latombe1991MotionPlanning,
  title={Robot Motion Planning},
  author={Latombe, J.},
  year={1991},
  publisher={Kluwer Academic}
}

@book{choset2005principles,
  title={Principles of robot motion: theory, algorithms, and implementation},
  author={Choset, Howie M and Lynch, Kevin M and Hutchinson, Seth and Kantor, George and Burgard, Wolfram and Kavraki, Lydia and Thrun, Sebastian and Arkin, Ronald C},
  year={2005},
  publisher={MIT press}
}